<?xml version="1.0" encoding="UTF-8"?><collection xmlns="http://www.loc.gov/MARC21/slim"><record><leader>00713nam--2200217-i-4500</leader><controlfield tag="001">000010110</controlfield><controlfield tag="002">20161230</controlfield><controlfield tag="005">20161230201028</controlfield><controlfield tag="008">060222s1000------------r-----000-0-eng-d</controlfield><datafield ind1=" " ind2=" " tag="020"><subfield code="a">0471833126</subfield></datafield><datafield ind1=" " ind2=" " tag="040"><subfield code="a">IFIN-HH</subfield></datafield><datafield ind1=" " ind2=" " tag="080"><subfield code="a">025</subfield></datafield><datafield ind1="1" ind2=" " tag="100"><subfield code="a">Brown, Alberta L., Strauss, Lucille J.And Shre Ve, Irene M</subfield></datafield><datafield ind1="1" ind2="0" tag="245"><subfield code="a">Scientific and technical libraries second edition</subfield><subfield code="b">Their organization and administration</subfield><subfield code="c">Licille j. strauss, irene m. strauss, alberta l. brown</subfield></datafield><datafield ind1=" " ind2=" " tag="250"><subfield code="a">Second Edition</subfield></datafield><datafield ind1=" " ind2=" " tag="260"><subfield code="a">New York</subfield><subfield code="b">Becker And Hayes, Inc</subfield><subfield code="c">1972</subfield></datafield><datafield ind1=" " ind2=" " tag="300"><subfield code="a">X + 450 P</subfield></datafield><datafield ind1=" " ind2=" " tag="490"><subfield code="a">A Wiley-becker-hayes Publication</subfield></datafield><datafield ind1="1" ind2=" " tag="700"><subfield code="a">Brown, Alberta L</subfield></datafield><datafield ind1=" " ind2=" " tag="852"><subfield code="a">36565</subfield><subfield code="c">02</subfield></datafield><datafield ind1=" " ind2=" " tag="CAT"><subfield code="a">Sys</subfield><subfield code="c">20120808</subfield><subfield code="h">095639</subfield></datafield></record></collection>